@misc{{Winston AI}
	bworld,
	title = {{Winston AI}},
	howpublished = "\url{https://gowinston.ai/interpreting-our-ai-detection-scores/"
	}